<record><leader>00000cas a2200000 a 4500</leader><controlfield tag="001">15803104</controlfield><controlfield tag="008">870603d193819uunyuwr ne      0    0eng c</controlfield><datafield ind1=" " ind2=" " tag="010"><subfield code="a">sn 87070040 </subfield></datafield><datafield ind1=" " ind2=" " tag="040"><subfield code="a">NYS</subfield><subfield code="b">eng</subfield><subfield code="c">NYS</subfield><subfield code="d">NVF</subfield><subfield code="d">OCLCQ</subfield><subfield code="d">OCLCF</subfield><subfield code="d">OCLCO</subfield></datafield><datafield ind1=" " ind2=" " tag="042"><subfield code="a">pcc</subfield></datafield><datafield ind1=" " ind2=" " tag="043"><subfield code="a">n-us-ny</subfield></datafield><datafield ind1="0" ind2="4" tag="245"><subfield code="a">The Patchogue and Lake Ronkonkoma mirror.</subfield></datafield><datafield ind1=" " ind2=" " tag="260"><subfield code="a">Lake Ronkonkoma, N.Y. :</subfield><subfield code="b">Rambler Pub. Corp.,</subfield><subfield code="c">1938-</subfield></datafield><datafield ind1=" " ind2=" " tag="300"><subfield code="a">v.</subfield></datafield><datafield ind1=" " ind2=" " tag="310"><subfield code="a">Weekly</subfield></datafield><datafield ind1="0" ind2=" " tag="362"><subfield code="a">12th year, no. 45 (May 19, 1938)-</subfield></datafield><datafield ind1=" " ind2=" " tag="500"><subfield code="a">"The oldest democratic newspaper in Brookhaven Town."</subfield></datafield><datafield ind1=" " ind2=" " tag="500"><subfield code="a">Editors: Lawrence F. Deutzman 1938-&lt;1956&gt;; Wm. Pinkham &lt;1957&gt;; Charles DeMangin, &lt;1958-1959&gt;; Edmund Hartung, &lt;1960&gt;-</subfield></datafield><datafield ind1=" " ind2="0" tag="651"><subfield code="a">Patchogue (N.Y.)</subfield><subfield code="v">Newspapers.</subfield></datafield><datafield ind1=" " ind2="0" tag="651"><subfield code="a">Lake Ronkonkoma (N.Y.)</subfield><subfield code="v">Newspapers.</subfield></datafield><datafield ind1=" " ind2="0" tag="651"><subfield code="a">Brookhaven (N.Y. : Town)</subfield><subfield code="v">Newspapers.</subfield></datafield><datafield ind1=" " ind2="0" tag="651"><subfield code="a">Suffolk County (N.Y.)</subfield><subfield code="v">Newspapers.</subfield></datafield><datafield ind1=" " ind2="7" tag="655"><subfield code="a">Newspapers.</subfield><subfield code="2">fast</subfield><subfield code="0">(OCoLC)fst01423814</subfield></datafield><datafield ind1=" " ind2="7" tag="651"><subfield code="a">New York (State)</subfield><subfield code="z">Brookhaven (Town)</subfield><subfield code="2">fast</subfield><subfield code="0">(OCoLC)fst01333178</subfield></datafield><datafield ind1=" " ind2="7" tag="651"><subfield code="a">New York (State)</subfield><subfield code="z">Lake Ronkonkoma.</subfield><subfield code="2">fast</subfield><subfield code="0">(OCoLC)fst01247045</subfield></datafield><datafield ind1=" " ind2="7" tag="651"><subfield code="a">New York (State)</subfield><subfield code="z">Patchogue.</subfield><subfield code="2">fast</subfield><subfield code="0">(OCoLC)fst01221273</subfield></datafield><datafield ind1=" " ind2="7" tag="651"><subfield code="a">New York (State)</subfield><subfield code="z">Suffolk County.</subfield><subfield code="2">fast</subfield><subfield code="0">(OCoLC)fst01207260</subfield></datafield><datafield ind1=" " ind2=" " tag="752"><subfield code="a">United States</subfield><subfield code="b">New York</subfield><subfield code="c">Suffolk</subfield><subfield code="d">Lake Ronkonkoma.</subfield></datafield><datafield ind1="0" ind2="0" tag="780"><subfield code="t">Lake Ronkonkoma mirror</subfield><subfield code="w">(DLC)sn 98067527</subfield><subfield code="w">(OCoLC)38277860</subfield></datafield></record>